@inproceedings{alagoz2010cloud,
  title={From cloud computing to mobile Internet, from user focus to culture and hedonism: the crucible of mobile health care and wellness applications},
  author={Alag{\"o}z, Firat and Calero Valdez, Andr{\'e} and Wilkowska, Wiktoria and Ziefle, Martina and Dorner, Stefan and Holzinger, Andreas},
  booktitle={Pervasive Computing and Applications (ICPCA), 2010 5th International Conference on},
  pages={38--45},
  year={2010},
  organization={IEEE}
}

@inproceedings{holzinger2010chances,
  title={Chances of increasing youth health awareness through mobile wellness applications},
  author={Holzinger, Andreas and Dorner, Stefan and F{\"o}dinger, Manuela and Calero Valdez, Andr{\'e} and Ziefle, Martina},
  booktitle={Symposium of the Austrian HCI and Usability Engineering Group},
  pages={71--81},
  year={2010},
  organization={Springer, Berlin, Heidelberg}
}

@inproceedings{valdez2010task,
  title={Task performance in mobile and ambient interfaces. Does size matter for usability of electronic diabetes assistants?},
  author={Calero Valdez, Andr{\'e} and Ziefle, Martina and Horstmann, Andreas and Herding, Daniel and Schroeder, Ulrik},
  booktitle={Information Society (i-Society), 2010 International Conference on},
  pages={514--521},
  year={2010},
  organization={IEEE}
}

@article{valdez2012state,
  title={State of the (net) work address Developing criteria for applying social networking to the work environment},
  author={Calero Valdez, Andr{\'e} and Schaar, Anne Kathrin and Ziefle, Martina},
  journal={Work},
  volume={41},
  number={Supplement 1},
  pages={3459--3467},
  year={2012},
  publisher={IOS Press}
}

@inproceedings{alagoz2011openness,
  title={Openness to accept medical technology-a cultural view},
  author={Alag{\"o}z, Firat and Ziefle, Martina and Wilkowska, Wiktoria and Calero Valdez, Andr{\'e}},
  booktitle={Symposium of the Austrian HCI and Usability Engineering Group},
  pages={151--170},
  year={2011},
  organization={Springer, Berlin, Heidelberg}
}

@article{calero2010mental,
  title={Mental models of menu structures in diabetes assistants},
  author={Calero Valdez, Andr{\'e} and Ziefle, Martina and Alag{\"o}z, Firat and Holzinger, Andreas},
  journal={Computers Helping People with Special Needs},
  pages={584--591},
  year={2010},
  publisher={Springer}
}

@article{calero2009effects,
  title={Effects of aging and domain knowledge on usability in small screen devices for diabetes patients},
  author={Calero Valdez, Andr{\'e} and Ziefle, Martina and Horstmann, Andreas and Herding, Daniel and Schroeder, Ulrik},
  journal={HCI and Usability for e-Inclusion},
  pages={366--386},
  year={2009},
  publisher={Springer}
}

@inproceedings{holzinger2010motivational,
  title={Motivational features of a mobile web application promoting a healthy lifestyle.},
  author={Holzinger, Andreas and Dorner, Stefan and F{\"o}dinger, M. and Ziefle, Martina and Calero Valdez, Andr{\'e}},
  booktitle={24th BCS Conference on Human Computer Interaction},
  year={2010},
  organization={University of Abertay, Dundee, Scotland}
}

@article{calero2010mobile,
  title={Mobile devices used for medical applications: Insights won from a usability study with diabetes patients},
  author={Calero Valdez, Andr{\'e} and Ziefle, Martina and Horstmann, Andreas and Herding, Daniel and Schr{\"o}der, Ulrik},
  journal={International Journal for Digital Society (IJDS)},
  volume={1},
  number={4},
  pages={298--307},
  year={2010}
}

@article{schaar2012social,
  title={Social media for the ehealth context. A requirement assessment},
  author={Schaar, Anne Kathrin and Calero Valdez, Andr{\'e} and Ziefle, Martina},
  journal={Advances in Human Aspects of Healthcare},
  volume={79},
  year={2012},
  publisher={CRC Press}
}

@inproceedings{valdez2012using,
  title={Using mixed node publication network graphs for analyzing success in interdisciplinary teams},
  author={Calero Valdez, Andr{\'e} and Schaar, Anne Kathrin and Ziefle, Martina and Holzinger, Andreas and Jeschke, Sabina and Brecher, Christian},
  booktitle={International Conference on Active Media Technology},
  pages={606--617},
  year={2012},
  organization={Springer, Berlin, Heidelberg}
}

@incollection{jooss2014scientific,
  title={Scientific cooperation engineering in the cluster of excellence integrative production technology for high-wage countries at RWTH Aachen University},
  author={Joo{\ss}, Claudia and Welter, Florian and Leisten, Ingo and Richert, Anja and Schaar, Anne Kathrin and Calero Valdez, Andr{\'e} and Nick, Eva-Maria and Prahl, Ulrich and Jansen, Ulrich and Schulz, Wolfgang and others},
  booktitle={Automation, Communication and Cybernetics in Science and Engineering 2013/2014},
  pages={103--109},
  year={2014},
  publisher={Springer, Cham}
}

@incollection{brauner2013increase,
  title={Increase physical fitness and create health awareness through exergames and gamification},
  author={Brauner, Philipp and Calero Valdez, Andr{\'e} and Schroeder, Ulrik and Ziefle, Martina},
  booktitle={Human factors in computing and informatics},
  pages={349--362},
  year={2013},
  publisher={Springer, Berlin, Heidelberg}
}

@incollection{schaar2013impact,
  title={The impact of user diversity on the willingness to disclose personal information in social network services},
  author={Schaar, Anne Kathrin and Calero Valdez, Andr{\'e} and Ziefle, Martina},
  booktitle={Human factors in computing and informatics},
  pages={174--193},
  year={2013},
  publisher={Springer, Berlin, Heidelberg}
}

@incollection{valdez2013personality,
  title={Personality influences on etiquette requirements for social media in the work context},
  author={Calero Valdez, Andr{\'e} and Schaar, Anne Kathrin and Ziefle, Martina},
  booktitle={Human factors in computing and informatics},
  pages={427--446},
  year={2013},
  publisher={Springer, Berlin, Heidelberg}
}

@inproceedings{holzinger2013graph,
  title={On graph entropy measures for knowledge discovery from publication network data},
  author={Holzinger, Andreas and Ofner, Bernhard and Stocker, Christof and Calero Valdez, Andr{\'e} and Schaar, Anne Kathrin and Ziefle, Martina and Dehmer, Matthias},
  booktitle={International Conference on Availability, Reliability, and Security},
  pages={354--362},
  year={2013},
  organization={Springer, Berlin, Heidelberg}
}

@inproceedings{schaar2013publication,
  title={Publication network visualization as an approach for interdisciplinary innovation management},
  author={Schaar, Anne Kathrin and Calero Valdez, Andr{\'e} and Ziefle, Martina},
  booktitle={Professional Communication Conference (IPCC), 2013 IEEE International},
  pages={1--8},
  year={2013},
  organization={IEEE}
}

@inproceedings{schuh2013supporting,
  title={Supporting technology transfer via web-based platforms},
  author={Schuh, Guenther and Aghassi, Susanne and Calero Valdez, Andr{\'e}},
  booktitle={Technology Management in the IT-Driven Services (PICMET), 2013 Proceedings of PICMET'13:},
  pages={858--866},
  year={2013},
  organization={IEEE}
}

@inproceedings{schaar2014reasons,
  title={Reasons for using social networks professionally},
  author={Schaar, Anne Kathrin and Calero Valdez, Andr{\'e} and Ziefle, Martina and Era{\ss}me, Denise and L{\"o}cker, Ann-Kathrin and Jakobs, Eva-Maria},
  booktitle={International Conference on Social Computing and Social Media},
  pages={385--396},
  year={2014},
  organization={Springer, Cham}
}

@inproceedings{valdez2014enhancing,
  title={Enhancing interdisciplinary cooperation by social platforms},
  author={Calero Valdez, Andr{\'e} and Schaar, Anne Kathrin and Ziefle, Martina and Holzinger, Andreas},
  booktitle={International Conference on Human Interface and the Management of Information},
  pages={298--309},
  year={2014},
  organization={Springer, Cham}
}

@incollection{vaegs2016enhancing,
  title={Enhancing scientific cooperation of an interdisciplinary cluster of excellence via a scientific cooperation portal},
  author={Vaegs, Tobias and Calero Valdez, Andr{\'e} and Schaar, Anne Kathrin and Breakling, Andr{\'e} and Aghassi, Susanne and Jansen, Ulrich and Thiele, Thomas and Welter, Florian and Joo{\ss}, Claudia and Richert, Anja and others},
  booktitle={Automation, Communication and Cybernetics in Science and Engineering 2015/2016},
  pages={203--215},
  year={2016},
  publisher={Springer, Cham}
}

@inproceedings{locker2014yet,
  title={Yet another platform? Motivational factors for using online communities in business contexts},
  author={L{\"o}cker, Ann-Kathrin and Era{\ss}me, Denise and Jakobs, Eva-Maria and Schaar, Anne Kathrin and Calero Valdez, A and Ziefle, Martina},
  booktitle={Advances in the Ergonomics in Manufacturing: Managing the enterprise of the future, Krak{\'o}w, Orlando, FL: AHFE Conference},
  pages={152--163},
  year={2014}
}

@inproceedings{holzinger2014mobile,
  title={Mobile computing is not always advantageous: lessons learned from a real-world case study in a hospital},
  author={Holzinger, Andreas and Sommerauer, Bettina and Spitzer, Peter and Juric, Simon and Zalik, Borut and Debevc, Matjaz and Lidynia, Chantal and Calero Valdez, Andr{\'e} and Roecker, Carsten and Ziefle, Martina},
  booktitle={International Conference on Availability, Reliability, and Security},
  pages={110--123},
  year={2014},
  organization={Springer, Cham}
}

@inproceedings{holzinger2014towards,
  title={Towards interactive visualization of longitudinal data to support knowledge discovery on multi-touch tablet computers},
  author={Holzinger, Andreas and Schwarz, Michael and Ofner, Bernhard and Jeanquartier, Fleur and Calero Valdez, Andr{\'e} and Roecker, Carsten and Ziefle, Martina},
  booktitle={International Conference on Availability, Reliability, and Security},
  pages={124--137},
  year={2014},
  organization={Springer, Cham}
}

@incollection{schmitz2013einsatz,
  title={Einsatz von Experten-Communitys zur Sicherung der Innovationsf{\"a}higkeit im demografischen Wandel},
  author={Schmitz-Urban, Arno Philipp and Bender, Jens and Gudergan, Gerhard and Schaar, Anne Kathrin and Calero Valdez, Andr{\'e} and L{\"o}cker, Ann-Kathrin and Era{\ss}me, Denise and Hofmann, Jens and Ziefle, Martina and Jakobs, Eva-Maria},
  booktitle={Innovationsf{\"a}higkeit im demografischen Wandel : Beitr{\"a}ge der Demografietagung des BMBF im Wissenschaftjahr 2013},
  pages={87--103},
  year={2013},
  publisher={Campus Verlag}
}

@misc{calero2014technology,
  title={Technology acceptance and diabetes : User centered design of small screen devices for diabetes patients},
  author={Calero Valdez, Andr{\'e}},
  year={2014},
  publisher={Apprimus Verlag, Aachen}
}

@article{schaar2013all,
  title={Wo ist all das Wissen hin? : F{\"o}rderung der Kommunikation zwischen den Generationen in Unternehmen zur Wissenssicherung},
  author={Schaar, Anne Kathrin and Calero Valdez, Andr{\'e} and Era{\ss}me, Denise and L{\"o}cker, Ann-Kathrin and Hofmann, Jens and Jakobs, Eva-Maria and Ziefle, Martina},
  journal={Zeitschrift f{\"u}r innovative Arbeitsgestaltung und Pr{\"a}vention},
  volume={3},
  number={1},
  pages={22--23},
  year={2013},
  publisher={Praeview}
}

@inproceedings{calero2014scientific,
  title={Scientific Cooperation Engineering Making Interdisciplinary Knowledge Available within Research Facilities and to External Stakeholders},
  author={Calero Valdez, Andr{\'e} and Schaar, Anne Kathrin and Vaegs, Tobias and Thiele, Thomas and Kowalski, Thomas and Aghassi, Susanne and Jansen, Ulrich and Schulz, Wolfgang and Schuh, G{\"u}nther and Jeschke, Sabina and others},
  booktitle={Proceedings of the 10th International Conference on Webometrics, Informetrics, and Scientometrics (WIS) : 15th COLLNET Meeting, Ilmenau, Germany, 3-5 September 2014},
  pages={77--86},
  year={2014}
}

@incollection{bender2015projekt,
  title={Das Projekt iNec},
  author={Bender, Jens and Calero Valdez, Andr{\'e} and Hofmann, Jens and Kerger, Mareen and Opr{\'e}e, Ann-Kathrin and Schaar, Anne Kathrin and Siegers, Jan},
  booktitle={Zukunft gestalten: Soziale Technologien in Organisationen in Zeiten des demografischen Wandels},
  volume={15},
  pages={13--17},
  year={2015},
  publisher={FIR e.V. an der RWTH Aachen}
}

@incollection{schaar2015nutzungsmotivation,
  title={Nutzungsmotivation von sozialen Netzwerken im Arbeitskontext},
  author={Schaar, Anne Kathrin and Calero Valdez, Andr{\'e} and Ziefle, Martina},
  booktitle={Exploring Demographics},
  pages={657--666},
  year={2015},
  publisher={Springer Spektrum, Wiesbaden}
}

@incollection{valdez2015my,
  title={What do my colleagues know? dealing with cognitive complexity in organizations through visualizations},
  author={Calero Valdez, Andr{\'e} and Bruns, Simon and Greven, Christoph and Schroeder, Ulrik and Ziefle, Martina},
  booktitle={Learning and Collaboration Technologies},
  pages={449--459},
  year={2015},
  publisher={Springer, Cham}
}

@inproceedings{bruns2015should,
  title={What should i read next? a personalized visual publication recommender system},
  author={Bruns, Simon and Calero Valdez, Andr{\'e} and Greven, Christoph and Ziefle, Martina and Schroeder, Ulrik},
  booktitle={International Conference on Human Interface and the Management of Information},
  pages={89--100},
  year={2015},
  organization={Springer, Cham}
}

@inproceedings{valdez2015older,
  title={Older Users’ Rejection of Mobile Health Apps a Case for a Stand-Alone Device?},
  author={Calero Valdez, Andr{\'e} and Ziefle, Martina},
  booktitle={International Conference on Human Aspects of IT for the Aged Population},
  pages={38--49},
  year={2015},
  organization={Springer, Cham}
}

@incollection{valdez2016social,
  title={Social media applications for knowledge exchange in organizations},
  author={Calero Valdez, Andr{\'e} and Schaar, Anne Kathrin and Bender, Jens and Aghassi, Susanne and Schuh, G{\"u}nther and Ziefle, Martina},
  booktitle={Innovations in Knowledge Management},
  pages={147--176},
  year={2016},
  publisher={Springer, Berlin, Heidelberg}
}

@inproceedings{calero2015reducing,
  title={Reducing complexity with simplicity-usability methods for industry 4.0},
  author={Calero Valdez, Andr{\'e} and Brauner, Philipp and Schaar, Anne Kathrin and Holzinger, Andreas and Ziefle, Martina},
  booktitle={Proceedings 19th Triennial Congress of the IEA},
  volume={9},
  pages={14},
  year={2015}
}

@article{valdez2015orchestrating,
  title={Orchestrating collaboration-using visual collaboration suggestion for steering of research clusters},
  author={Calero Valdez, Andr{\'e} and {\"O}zdemir, Denis and Yazdi, Mohammed Amin and Schaar, Anne Kathrin and Ziefle, Martina},
  journal={Procedia Manufacturing},
  volume={3},
  pages={363--370},
  year={2015},
  publisher={Elsevier}
}

@article{schaar2015user,
  title={User-centered design of business communities. The influence of diversity factors on motives to use communities in professional settings},
  author={Schaar, Anne Katrin and Calero Valdez, Andr{\'e} and Ziefle, Martina},
  journal={Procedia Manufacturing},
  volume={3},
  pages={645--652},
  year={2015},
  publisher={Elsevier}
}

@inproceedings{calero2016preparing,
  title={Preparing Production Systems for the Internet of Things The Potential of Socio-Technical Approaches in Dealing with Complexity},
  author={Calero Valdez, André and Brauner, Philipp and Ziefle, Martina},
  booktitle={Competitive Manufacturing (COMA)},
  year={2016}
}

@inproceedings{brauner2016defective,
  title={Defective still deflective--how correctness of decision support systems influences user’s performance in production environments},
  author={Brauner, Philipp and Calero Valdez, Andr{\'e} and Philipsen, Ralf and Ziefle, Martina},
  booktitle={International Conference on HCI in Business, Government and Organizations},
  pages={16--27},
  year={2016},
  organization={Springer, Cham}
}

@inproceedings{brell2016gender,
  title={Gender differences in usage motivation for social networks at work},
  author={Brell, Juliana and Calero Valdez, Andr{\'e} and Schaar, Anne Kathrin and Ziefle, Martina},
  booktitle={International Conference on Learning and Collaboration Technologies},
  pages={663--674},
  year={2016},
  organization={Springer, Cham}
}

@inproceedings{yazdi2016visualizing,
  title={Visualizing opportunities of collaboration in large research organizations},
  author={Yazdi, Mohammad Amin and Calero Valdez, Andr{\'e} and Lichtschlag, Leonhard and Ziefle, Martina and Borchers, Jan},
  booktitle={International Conference on HCI in Business, Government and Organizations},
  pages={350--361},
  year={2016},
  organization={Springer, Cham}
}

@inproceedings{hamann2016strategic,
  title={Strategic knowledge management for interdisciplinary teams-overcoming barriers of interdisciplinary work via an online portal approach},
  author={Hamann, Tatjana and Schaar, Anne Kathrin and Calero Valdez, Andr{\'e} and Ziefle, Martina},
  booktitle={International Conference on Human Interface and the Management of Information},
  pages={402--413},
  year={2016},
  organization={Springer, Cham}
}

@inproceedings{schuh2016using,
  title={Using Liferay as an Interdisciplinary Scientific Collaboration Portal},
  author={Schuh, G{\"u}nther and Br{\"a}kling, Andr{\'e} and Calero Valdez, Andr{\'e} and Schaar, Anne-Kathrin and Ziefle, Martina},
  booktitle={Social Computing and Social Media: 8th International Conference, SCSM 2016, Held as Part of HCI International 2016, Toronto, ON, Canada, July 17--22, 2016. Proceedings},
  volume={9742},
  pages={405},
  year={2016},
  organization={Springer}
}

@article{valdez2016application,
  title={Application of graph entropy for knowledge discovery and data mining in bibliometric data},
  author={Calero Valdez, Andr{\'e} and Dehmer, Matthias and Holzinger, Andreas},
  journal={Mathematical Foundations and Applications of Graph Entropy},
  volume={6},
  pages={174},
  year={2016},
  publisher={Wiley-VCH Verlag GmbH \& Co. KGaA Weinheim, Germany}
}

@inproceedings{dietze2016open,
  title={An open-source object-graph-mapping framework for Neo4j and scala: renesca},
  author={Dietze, Felix and Karoff, Johannes and Calero Valdez, Andr{\'e} and Ziefle, Martina and Greven, Christoph and Schroeder, Ulrik},
  booktitle={International Conference on Availability, Reliability, and Security},
  pages={204--218},
  year={2016},
  organization={Springer, Cham}
}

@article{brauner2016studying,
  title={On Studying Human Factors in Complex Cyber-Physical Systems},
  author={Brauner, Philipp and Calero Valdez, Andr{\'e} and Philipsen, Ralf and Ziefle, Martina},
  journal={Mensch und Computer 2016--Workshopband},
  year={2016},
  publisher={Gesellschaft f{\"u}r Informatik eV}
}

@article{valdez2016human,
  title={Human factors in information visualization and decision support systems},
  author={Calero Valdez, Andr{\'e} and Brauner, Philipp and Ziefle, Martina and Kuhlen, Torsten Wolfgang and Sedlmair, Michael},
  journal={Mensch und Computer 2016--Workshopband},
  year={2016},
  publisher={Gesellschaft f{\"u}r Informatik eV}
}

@article{abels2016graph,
  title={Graph Complexity in visual recommender systems for scientific literature},
  author={Abels, Stephan and Greven, Christoph and Calero Valdez, Andr{\'e} and Schroeder, Ulrik and Ziefle, Martina},
  journal={Mensch und Computer 2016--Workshopband},
  year={2016},
  publisher={Gesellschaft f{\"u}r Informatik eV}
}

@article{platte2016trustworthiness,
  title={Trustworthiness of visualizations of mobility-induced CO2 emissions},
  author={Platte, Laura and Freitag, Svenja and Schubert, Lisa and Molis, Jerg and Calero Valdez, Andr{\'e} and Ziefle, Martina},
  journal={Mensch und Computer 2016--Workshopband},
  year={2016},
  publisher={Gesellschaft f{\"u}r Informatik eV}
}

@article{holzinger2016towards,
  title={Towards interactive recommender systems with the doctor-in-the-loop},
  author={Holzinger, Andreas and Calero Valdez, Andr{\'e} and Ziefle, Martina},
  journal={Mensch und Computer 2016--Workshopband},
  year={2016},
  publisher={Gesellschaft f{\"u}r Informatik eV}
}

@inproceedings{calero2016hci,
  title={HCI for recommender systems: the past, the present and the future},
  author={Calero Valdez, Andr{\'e} and Ziefle, Martina and Verbert, Katrien},
  booktitle={Proceedings of the 10th ACM Conference on Recommender Systems},
  pages={123--126},
  year={2016},
  organization={ACM}
}

@incollection{thiele2016unterstutzung,
  title={Unterst{\"u}tzung interdisziplin{\"a}rer integration am Beispiel einer Exzellenzcluster-Community},
  author={Thiele, Thomas and Schr{\"o}der, Stefan and Calero-Valdez, Andr{\'e} and Joo{\ss}, Claudia and Richert, Anja and Ziefle, Martina and Isenhardt, Ingrid and Jeschke, Sabina},
  booktitle={Automation, Communication and Cybernetics in Science and Engineering 2015/2016},
  pages={193--201},
  year={2016},
  publisher={Springer, Cham}
}

@incollection{valdez2016recommender,
  title={Recommender systems for health informatics: state-of-the-art and future perspectives},
  author={Calero Valdez, Andr{\'e} and Ziefle, Martina and Verbert, Katrien and Felfernig, Alexander and Holzinger, Andreas},
  booktitle={Machine Learning for Health Informatics},
  pages={391--414},
  year={2016},
  publisher={Springer, Cham}
}

@incollection{jeschke2017scientific,
  title={Scientific Cooperation Engineering},
  author={Jeschke, Sabina and Bleck, Wolfgang and Richert, Anja and Schuh, G{\"u}nther and Schulz, Wolfgang and Ziefle, Martina and Br{\"a}kling, Andr{\'e} and Calero Valdez, Andr{\'e} and Dahmen, Kirsten and Jansen, Ulrich and others},
  booktitle={Integrative Production Technology},
  pages={993--1046},
  year={2017},
  publisher={Springer, Cham}
}

@article{thiele2017augmenting,
  title={Augmenting research cooperation in production engineering with data analytics},
  author={Thiele, Thomas and Calero Valdez, Andr{\'e} and Stiehm, Sebastian and Richert, Anja and Ziefle, Martina and Jeschke, Sabina},
  journal={Production Engineering},
  volume={11},
  number={2},
  pages={213--220},
  year={2017},
  publisher={Springer Berlin Heidelberg}
}

@inproceedings{schafer2017towards,
  title={Towards health (aware) recommender systems},
  author={Sch{\"a}fer, Hanna and Hors-Fraile, Santiago and Karumur, Raghav Pavan and Calero Valdez, Andr{\'e} and Said, Alan and Torkamaan, Helma and Ulmer, Tom and Trattner, Christoph},
  booktitle={Proceedings of the 2017 international conference on digital health},
  pages={157--161},
  year={2017},
  organization={ACM}
}

@inproceedings{brauner2017interaction,
  title={The Interaction of Causal Attribution of Performance and Compliance with Decision Support Systems in Cyber-Physical Production Systems-An Empirical Study Using a Business Simulation Game},
  author={Brauner, Philipp and Philipsen, Ralf and Calero Valdez, Andr{\'e} and Ziefle, Martina},
  booktitle={International Conference on Applied Human Factors and Ergonomics},
  pages={11--23},
  year={2017},
  organization={Springer, Cham}
}

@inproceedings{dietze2017s,
  title={That’s so Meta! Usability of a Hypergraph-Based Discussion Model},
  author={Dietze, Felix and Calero Valdez, Andr{\'e} and Karoff, Johannes and Greven, Christoph and Schroeder, Ulrik and Ziefle, Martina},
  booktitle={International Conference on Digital Human Modeling and Applications in Health, Safety, Ergonomics and Risk Management},
  pages={248--258},
  year={2017},
  organization={Springer, Cham}
}

@inproceedings{mendez2017user,
  title={User Groups and Different Levels of Control in Recommender Systems},
  author={Mendez, Christine and Lukarov, Vlatko and Greven, Christoph and Calero Valdez, Andr{\'e} and Dietze, Felix and Schroeder, Ulrik and Ziefle, Martina},
  booktitle={International Conference on Digital Human Modeling and Applications in Health, Safety, Ergonomics and Risk Management},
  pages={308--323},
  year={2017},
  organization={Springer, Cham}
}

@inproceedings{valdez2017measuring,
  title={Measuring Insight into Multi-dimensional Data from a Combination of a Scatterplot Matrix and a HyperSlice Visualization},
  author={Calero Valdez, Andr{\'e} and Gebhardt, Sascha and Kuhlen, Torsten W and Ziefle, Martina},
  booktitle={International Conference on Digital Human Modeling and Applications in Health, Safety, Ergonomics and Risk Management},
  pages={225--236},
  year={2017},
  organization={Springer, Cham}
}

@inproceedings{ziefle2017domestic,
  title={Domestic Robots for Homecare: A Technology Acceptance Perspective},
  author={Ziefle, Martina and Calero Valdez, Andr{\'e}},
  booktitle={International Conference on Human Aspects of IT for the Aged Population},
  pages={57--74},
  year={2017},
  organization={Springer, Cham}
}

@inproceedings{brauner2017correct,
  title={How Correct and Defect Decision Support Systems Influence Trust, Compliance, and Performance in Supply Chain and Quality Management},
  author={Brauner, Philipp and Calero Valdez, Andr{\'e} and Philipsen, Ralf and Ziefle, Martina},
  booktitle={International Conference on HCI in Business, Government, and Organizations},
  pages={333--348},
  year={2017},
  organization={Springer, Cham}
}

@inproceedings{schinner2017industrie,
  title={‘Industrie 4.0’and an Aging Workforce--A Discussion from a Psychological and a Managerial Perspective},
  author={Schinner, Matthias and Calero Valdez, Andr{\'e} and Noll, Elisabeth and Schaar, Anne Kathrin and Letmathe, Peter and Ziefle, Martina},
  booktitle={International Conference on Human Aspects of IT for the Aged Population},
  pages={537--556},
  year={2017},
  organization={Springer, Cham}
}

@article{valdezdiversity,
  title={The diversity of why: a meta-analytical study of usage motivation in enterprise social networks},
  author={Calero Valdez, Andr{\'e} and Brell, Juliana and Schaar, Anne Kathrin and Ziefle, Martina},
  journal={Universal Access in the Information Society},
  pages={1--18},
  publisher={Springer Berlin Heidelberg}
}

@inproceedings{calero2013measuring,
  title={Measuring Interdisciplinary Performance By Analyzing Mixed Node Publication Networks},
  author={Calero Valdez, Andr{\'e} and Schaar, Anne Kathrin and Ziefle, Martina},
  booktitle={Translational twists and turns: Science as a socio-economic endeavor. Proceedings of STI 2013 Berlin -- 18th International Conference on Science and Technology Indicators.},
  volume={18},
  pages={594--598},
  year={2013},
  organization={iFQ: Berlin}
}

@article{valdez2018priming,
  title={Priming and anchoring effects in visualization},
  author={Calero Valdez, Andr{\'e} and Ziefle, Martina and Sedlmair, Michael},
  journal={IEEE Transactions on Visualization \& Computer Graphics},
  number={1},
  pages={584--594},
  year={2018},
  publisher={IEEE}
}

@inproceedings{valdez2017framework,
  title={A Framework for Studying Biases in Visualization Research},
  author={Calero Valdez, Andr{\'e} and Ziefle, Martina and Sedlmair, Michael},
  booktitle={DECISIVe 2017},
  volume={2},
  year={2017},
  organization={IEEE}
}

@inproceedings{bukowski2017hybrid,
  title={Hybrid collaboration recommendation from bibliometric data},
  author={Bukowski, Mark and Calero Valdez, Andr{\'e} and Ziefle, Martina and Schmitz-Rode, Thomas and Farkas, Robert},
  booktitle={Second International Workshop on Health Recommender Systems},
  pages={36},
  year={2017}
}

@inproceedings{elsweiler2017second,
  title={Second workshop on health recommender systems:(healthrecsys 2017)},
  author={Elsweiler, David and Hors-Fraile, Santiago and Ludwig, Bernd and Said, Alan and Sch{\"a}fer, Hanna and Trattner, Christoph and Torkamaan, Helma and Calero Valdez, Andr{\'e}},
  booktitle={Proceedings of the Eleventh ACM Conference on Recommender Systems},
  pages={374--375},
  year={2017},
  organization={ACM}
}

@article{leeaging,
  title={Aging and Technology Acceptance},
  author={Lee, Chaiwoo and Ward, Carley and Raue, Martina and D’Ambrosio, Lisa and Coughlin, Joseph F and Pan, Jing and Bryan-Kinns, Nick and Dong, Hua and Ratzenb{\"o}ck, Barbara and van Heek, Julia and others}
}

@article{schmitz2018you,
  title={You spin my head right round: Threshold of limited immersion for rotation gains in redirected walking},
  author={Schmitz, Patric and Hildebrandt, Julian and Calero Valdez, Andr{\'e} and Kobbelt, Leif and Ziefle, Martina},
  journal={IEEE transactions on visualization and computer graphics},
  volume={24},
  number={4},
  pages={1623--1632},
  year={2018},
  publisher={IEEE}
}

@article{schaarall,
  title={Wo ist all das Wissen hin?},
  author={Schaar, Anne Kathrin and Calero Valdez, Andr{\'e} and Era{\ss}me, Denise and L{\"o}cker, Ann-Kathrin and Hofmann, Jens and Jakobs, Eva-Maria and Ziefle, Martina}
}


@article{valdez2018users,
  title={The users’ perspective on the privacy-utility trade-offs in health recommender systems},
  author={Calero Valdez, Andr{\'e} and Ziefle, Martina},
  journal={International Journal of Human-Computer Studies},
  year={2018},
  publisher={Academic Press}
}

@article{hildebrandtget,
  title={Get Well Soon! Human Factors’ Influence on Cybersickness after Redirected Walking Exposure in Virtual Reality},
  author={Hildebrandt, Julian and Schmitz, Patric and Calero Valdez, Andr{\'e} and Kobbelt, Leif and Ziefle, Martina}
}

@article{valdez2018elitism,
  title={Elitism, trust, opinion leadership and politics in social protests in Germany},
  author={Calero Valdez, Andr{\'e} and Kluge, Johanna and Ziefle, Martina},
  journal={Energy Research \& Social Science},
  year={2018},
  publisher={Elsevier}
}

@article{vervier2018should,
  title={“Should I Trust or Should I Go?” or What Makes Health-Related Websites Appear Trustworthy?},
  author={Vervier, Luisa and Calero Valdez, Andr{\'e} and Ziefle, Martina},
  year={2018}
}

@inproceedings{valdez2018acceptance,
  title={Acceptance of a Digital Paper-based Diabetes Diary},
  author={Calero Valdez, Andr{\'e} and Ziefle, Martina},
  booktitle={4th International Conference on Information and Communication Technologies for Ageing Well and e-Health},
  pages={74--86},
  year={2018}
}

@inproceedings{philipsen2018evaluating,
  title={Evaluating Strategies to Restore Trust in Decision Support Systems in Cross-Company Cooperation},
  author={Philipsen, Ralf and Brauner, Philipp and Calero Valdez, Andr{\'e} and Ziefle, Martina},
  booktitle={International Conference on Applied Human Factors and Ergonomics},
  pages={115--126},
  year={2018},
  organization={Springer, Cham}
}

@inproceedings{greven2016open,
  title={An Open-Source Object-Graph-Mapping Framework for Neo4j and Scala: Renesca},
  author={Greven, Christoph and Schroeder, Ulrik},
  booktitle={Availability, Reliability, and Security in Information Systems: IFIP WG 8.4, 8.9, TC 5 International Cross-Domain Conference, CD-ARES 2016, and Workshop on Privacy Aware Machine Learning for Health Data Science, PAML 2016, Salzburg, Austria, August 31-September 2, 2016, Proceedings},
  volume={9817},
  pages={204},
  year={2016},
  organization={Springer}
}

@inproceedings{ziefle2018decisions,
  title={Decisions About Medical Data Disclosure in the Internet: An Age Perspective},
  author={Ziefle, Martina and Calero Valdez, Andr{\'e}},
  booktitle={International Conference on Human Aspects of IT for the Aged Population},
  pages={186--201},
  year={2018},
  organization={Springer, Cham}
}

@inproceedings{valdez2018political,
  title={Political Opinions of Us and Them and the Influence of Digital Media Usage},
  author={Calero Valdez, Andr{\'e} and Burbach, Laura and Ziefle, Martina},
  booktitle={International Conference on Social Computing and Social Media},
  pages={189--202},
  year={2018},
  organization={Springer, Cham}
}

@inproceedings{valdez2018human,
  title={Human Factors in the Age of Algorithms. Understanding the Human-in-the-loop Using Agent-Based Modeling},
  author={Calero Valdez, Andr{\'e} and Ziefle, Martina},
  booktitle={International Conference on Social Computing and Social Media},
  pages={357--371},
  year={2018},
  organization={Springer, Cham}
}

@inproceedings{brauner2018human,
  title={Human Interaction Under Risk in Cyber-Physical Production Systems},
  author={Brauner, Philipp and Philipsen, Ralf and Calero Valdez, Andr{\'e} and Ziefle, Martina},
  booktitle={Congress of the International Ergonomics Association},
  pages={421--430},
  year={2018},
  organization={Springer, Cham}
}

@inproceedings{valdez2018believability,
  title={Believability of News},
  author={Calero Valdez, Andr{\'e} and Ziefle, Martina},
  booktitle={Congress of the International Ergonomics Association},
  pages={469--477},
  year={2018},
  organization={Springer, Cham}
}

@article{calero2018diversity,
  title={The diversity of why: a meta-analytical study of usage motivation in enterprise social networks},
  author={Calero Valdez, Andr{\'e} and Brell, Juliana and Schaar, Anne Kathrin and Ziefle, Martina},
  journal={Universal Access in the Information Society},
  volume={17},
  number={3},
  pages={549--566},
  year={2018},
  publisher={Springer-Verlag}
}